@book{id:ZaawansowaneAlgorytmy,
	author={{Agnieszka Debudaj-Grabysz, Sebastian Deorowicz, Jacek Widuch}},
	title={Algorytmy i struktury danych. Wybór zaawansowanych metod},
	publisher={Wydawnictwo Politechniki Śląskiej},
	year={Gliwice 2012},
}

@book{id:IntroductionToAlgorithms,
	author={{Thomas H. Corman, Charles E. Leiserson, Ronald L. Rivest, Clifford Stein}},
	edition={Third},
	title={Introduction to Algorithms},
	publisher={The MIT Press},
	year={2009},
}

@book{id:AlgorytmyStruktury,
	author={{Zbigniew J. Czech, Sebastian Deorowicz, Piotr Fabian}},
	title={Algorytmy i struktury danych. Wybrane zagadnienia},
	publisher={Wydawnictwo Politechniki Śląskiej},
	year={Gliwice 2010},
}

@book{id:WzorceProjektowe,
	author={{Erich Gamma, Richard Helm, Ralph Johnson, John Vlissides}},
	title={Wzorce projektowe. Elementy oprogramowania wielokrotnego użytku},
	publisher={Wydawnictwo HELION},
	year={2010},
}

@book{id:WzorceCpp,
	author={{Andrei Alexandrescu}},
	title={Nowoczesne projektowanie w C++. Uogólnione implementacje wzorców projektowych},
	publisher={Wydawnictwo HELION},
	year={2011},
}

@book{id:CleanCodeSolid,
	author={{Robert C. Martin}},
	title={Czysty kod. Podręcznik dobrego programisty},
	publisher={Wydawnictwo HELION},
	year = {2010},
}

@misc{id:solidWebsite,
	author = {{Robert C. Martin}},
	title = {{The Principles of OOD}},
	month = {maj},
	year = {2005},
	note = {[dostęp: 2015-01-03]},
	url = {http://butunclebob.com/ArticleS.UncleBob.PrinciplesOfOod},
}
